<?xml version="1.0" encoding="UTF-8"?>
<collection xmlns:xsi="http://www.w3.org/2001/XMLSchema-instance" xsi:schemaLocation="http://www.loc.gov/MARC21/slim http://www.loc.gov/standards/marcxml/schema/MARC21slim.xsd" xmlns="http://www.loc.gov/MARC21/slim">
<record>
  <leader>00837cam a2200193 u 4500</leader>
  <controlfield tag="001">650182</controlfield>
  <controlfield tag="003">NNC</controlfield>
  <controlfield tag="005">20100307233856.0</controlfield>
  <controlfield tag="008">880518s1889    ua ||||||||| |||||||ara |</controlfield>
  <datafield tag="035" ind1=" " ind2=" ">
    <subfield code="a">(OCoLC)60509939</subfield>
  </datafield>
  <datafield tag="035" ind1=" " ind2=" ">
    <subfield code="a">(OCoLC)ocm60509939</subfield>
  </datafield>
  <datafield tag="035" ind1=" " ind2=" ">
    <subfield code="a">(CStRLIN)NYCG88-B35699</subfield>
  </datafield>
  <datafield tag="035" ind1=" " ind2=" ">
    <subfield code="9">ACV7384CU</subfield>
  </datafield>
  <datafield tag="035" ind1=" " ind2=" ">
    <subfield code="a">(NNC)650182</subfield>
  </datafield>
  <datafield tag="100" ind1=" " ind2=" ">
    <subfield code="a">Razi, Qutb al-Din Muhammad ibn Muhammad,</subfield>
    <subfield code="d">d. 1365.</subfield>
  </datafield>
  <datafield tag="240" ind1=" " ind2="0">
    <subfield code="a">Tahrir al-qawaʻid al-mantiqiyah fi sharh al-risalah al-shamsiyah</subfield>
  </datafield>
  <datafield tag="245" ind1="1" ind2="0">
    <subfield code="a">Sharh al-ʻallamah Qutb al-Din Mahmud ibn Muhammad al-Razi al-mutawaffa sanat 766 al-mulaqqab bi-Tahrir al-qawaʻid al-mantiqiyah fi sharh al-risalah al-shamsiyah al-lati sannafaha al-imam Najm al-Din ʻUmar ibn ʻAli al-Qazwini al-maʻruf bi-al-Katibi al-mutawffa sanat 493.</subfield>
  </datafield>
  <datafield tag="260" ind1=" " ind2=" ">
    <subfield code="a">Misr :</subfield>
    <subfield code="b">al-Matbaʻah al-Maymuniyah,</subfield>
    <subfield code="c">1307h [1889]</subfield>
  </datafield>
  <datafield tag="300" ind1=" " ind2=" ">
    <subfield code="a">138 p.</subfield>
  </datafield>
  <datafield tag="955" ind1=" " ind2=" ">
    <subfield code="b">CU59577363</subfield>
    <subfield code="d">off,glx</subfield>
    <subfield code="e">ME06763</subfield>
  </datafield>
</record>
</collection>